<?xml version="1.0" encoding="UTF-8"?><collection xmlns="http://www.loc.gov/MARC21/slim"><record><leader>00459nam--2200133-i-4500</leader><controlfield tag="001">000017356</controlfield><controlfield tag="002">20161230</controlfield><controlfield tag="005">20161230201032</controlfield><controlfield tag="008">060222s1000------------r-----000-0-eng-d</controlfield><datafield ind1=" " ind2=" " tag="080"><subfield code="a">539.2(061.3)</subfield></datafield><datafield ind1=" " ind2=" " tag="245"><subfield code="a">Romanian conference on advanced materials. buc bucharest, november 24-26, 1997. abstract book .second edition</subfield></datafield><datafield ind1=" " ind2=" " tag="260"><subfield code="a">Bucharest, Nimp-university, 1997. Pag. Dif</subfield></datafield><datafield ind1=" " ind2=" " tag="653"><subfield code="a">Solid State Physics, Molecular Systems, Materials Science</subfield></datafield><datafield ind1=" " ind2=" " tag="852"><subfield code="a">80879</subfield></datafield></record></collection>